<record xmlns="http://www.loc.gov/MARC21/slim" xmlns:xsi="http://www.w3.org/2001/XMLSchema-instance" xsi:schemaLocation="http://www.loc.gov/MARC21/slim http://www.loc.gov/standards/marcxml/schema/MARC21slim.xsd"><leader>02868nam a2200385   4500</leader><controlfield tag="001">001374300</controlfield><controlfield tag="003">NNU</controlfield><controlfield tag="006">m        d        </controlfield><controlfield tag="007">cr cn |||m|||a</controlfield><controlfield tag="008">150223s1920    le      o     000 0 ara</controlfield><datafield ind1=" " ind2=" " tag="040"><subfield code="a">NNU</subfield><subfield code="b">eng</subfield><subfield code="c">NNU</subfield></datafield><datafield ind1=" " ind2="4" tag="050"><subfield code="a">PJ7643</subfield><subfield code="b">.A1 1920</subfield></datafield><datafield ind1=" " ind2=" " tag="066"><subfield code="c">(3</subfield></datafield><datafield ind1="0" ind2=" " tag="100"><subfield code="6">880-01</subfield><subfield code="a">Mufad&#803;d&#803;al ibn Muh&#803;ammad al-D&#803;abbi&#772;,</subfield><subfield code="d">active 8th century.</subfield></datafield><datafield ind1="1" ind2="0" tag="245"><subfield code="6">880-02</subfield><subfield code="a">D&#299;w&#257;n al-Mufa&#7693;&#7693;aliy&#257;t</subfield><subfield code="h">[electronic resource] :</subfield><subfield code="b">wa-hiya nukhbah min qa&#7779;&#257;&#700;id al-shu&#699;ar&#257;&#700; al-muqall&#299;n f&#299; al-J&#257;hil&#299;yah wa-aw&#257;&#700;il al-Isl&#257;m /</subfield><subfield code="c">ihkt&#257;rah&#257; Ab&#363; al-&#699;Abb&#257;s al-Mufa&#7693;&#7693;al ibn Mu&#7717;ammad al-Dabb&#299; ; ma&#699;a shar&#7717; w&#257;fir li-Ab&#299; Mu&#7717;ammad al-Q&#257;sim ibn Mu&#7717;ammad ibn Bash&#257;r al-Anb&#257;r&#299; ; &#699;un&#237;y&#225; bi-&#7789;ab&#699;ih wa-muq&#257;balat naskhih wa-tadhy&#299;lih bi-&#7717;aw&#257;shin wa-riw&#257;y&#257;t li-&#699;iddat lughawiyy&#299;n wa-&#699;ulam&#257;&#700; K&#257;ril&#363;s Ya&#699;q&#363;b L&#257;yil.</subfield></datafield><datafield ind1="3" ind2="0" tag="246"><subfield code="6">880-03</subfield><subfield code="a">Mufad&#803;d&#803;aliya&#772;t</subfield></datafield><datafield ind1="3" ind2=" " tag="246"><subfield code="6">880-03</subfield><subfield code="a">Mufa&#7693;&#7693;al&#299;y&#257;t</subfield></datafield><datafield ind1=" " ind2=" " tag="260"><subfield code="6">880-04</subfield><subfield code="a">Bayr&#363;t :</subfield><subfield code="b">Ma&#7789;ba&#699;at al-&#256;b&#257;&#700; al-Yas&#363;&#699;iyy&#299;n,</subfield><subfield code="c">1920.</subfield></datafield><datafield ind1=" " ind2=" " tag="300"><subfield code="a">online resource (892, xxxviii p.)</subfield></datafield><datafield ind1=" " ind2=" " tag="500"><subfield code="a">English t. p.: The Mufaddaliyat: an anthology of ancient Arabian odes compiled by al-Mufaddal son of Muhammad, according to the recension and with the commentary of Abu Muhammad al-Qasim ibn Muhammad al-Anbari. Edited for the first time by Charles James Lyall.</subfield></datafield><datafield ind1=" " ind2=" " tag="500"><subfield code="a">Part of the Arabic Collections Online (ACO) project, contributed by New York Univeristy Libraries.</subfield></datafield><datafield ind1=" " ind2=" " tag="533"><subfield code="a">Electronic reproduction.</subfield><subfield code="b">New York, N.Y. :</subfield><subfield code="c">New York University,</subfield><subfield code="d">2015.</subfield><subfield code="5">NNU</subfield></datafield><datafield ind1=" " ind2="0" tag="650"><subfield code="a">Arabic poetry.</subfield></datafield><datafield ind1="1" ind2=" " tag="700"><subfield code="6">880-04</subfield><subfield code="a">Ibn al-Anb&#257;r&#299;, Mu&#7717;ammad ibn al-Q&#257;sim,</subfield><subfield code="d">885-940?</subfield></datafield><datafield ind1="2" ind2=" " tag="710"><subfield code="a">New York University.</subfield><subfield code="b">Libraries.</subfield></datafield><datafield ind1="0" ind2=" " tag="730"><subfield code="a">Arabic Collections Online.</subfield></datafield><datafield ind1="0" ind2="8" tag="776"><subfield code="i">Print version:</subfield><subfield code="a">Mufad&#803;d&#803;al ibn Muh&#803;ammad al-D&#803;abbi&#772;, active 8th century.</subfield><subfield code="t">D&#299;w&#257;n al-Mufa&#7693;&#7693;aliy&#257;t</subfield><subfield code="w">(NNU)001374300</subfield><subfield code="w">(DLC)68004668</subfield></datafield><datafield ind1="4" ind2="0" tag="856"><subfield code="u">http://hdl.handle.net/2333.1/8sf7m2m1</subfield></datafield><datafield ind1="0" ind2=" " tag="880"><subfield code="6">100-01/</subfield><subfield code="a">&#1605;&#1601;&#1590;&#1604; &#1576;&#1606; &#1605;&#1581;&#1605;&#1583; &#1575;&#1604;&#1590;&#1576;&#1610;&#1548;</subfield><subfield code="d">active 8th century.</subfield></datafield><datafield ind1="1" ind2="0" tag="880"><subfield code="6">245-02/</subfield><subfield code="a">&#1583;&#1610;&#1608;&#1575;&#1606; &#1575;&#1604;&#1605;&#1601;&#1590;&#1604;&#1610;&#1575;&#1578; :</subfield><subfield code="b">&#1608;&#1607;&#1610; &#1606;&#1582;&#1576;&#1577; &#1605;&#1606; &#1602;&#1589;&#1575;&#1574;&#1583; &#1575;&#1604;&#1588;&#1593;&#1585;&#1575;&#1569; &#1575;&#1604;&#1605;&#1602;&#1604;&#1610;&#1606; &#1601;&#1610; &#1575;&#1604;&#1580;&#1575;&#1607;&#1604;&#1610;&#1577; &#1608;&#1575;&#1608;&#1575;&#1574;&#1604; &#1575;&#1604;&#1573;&#1587;&#1604;&#1575;&#1605; /</subfield><subfield code="c">&#1575;&#1582;&#1578;&#1575;&#1585;&#1607;&#1575; &#1571;&#1576;&#1608; &#1575;&#1604;&#1593;&#1576;&#1575;&#1587; &#1575;&#1604;&#1605;&#1601;&#1590;&#1604; &#1576;&#1606; &#1605;&#1581;&#1605;&#1583; &#1575;&#1604;&#1590;&#1576;&#1610; &#1563; &#1605;&#1593; &#1588;&#1585;&#1581; &#1608;&#1575;&#1601;&#1585; &#1604;&#1571;&#1576;&#1610; &#1605;&#1581;&#1605;&#1583; &#1575;&#1604;&#1602;&#1575;&#1587;&#1605; &#1576;&#1606; &#1605;&#1581;&#1605;&#1583; &#1576;&#1606; &#1576;&#1588;&#1575;&#1585; &#1575;&#1604;&#1571;&#1606;&#1576;&#1575;&#1585;&#1610; &#1563; &#1593;&#1606;&#1610;&#1609; &#1576;&#1591;&#1576;&#1593;&#1607; &#1608;&#1605;&#1602;&#1575;&#1576;&#1604;&#1577; &#1606;&#1587;&#1582;&#1607; &#1608;&#1578;&#1584;&#1610;&#1610;&#1604;&#1607; &#1576;&#1581;&#1608;&#1575;&#1588;&#1606; &#1608;&#1585;&#1608;&#1575;&#1610;&#1575;&#1578; &#1604;&#1593;&#1583;&#1577; &#1604;&#1594;&#1608;&#1578;&#1610;&#1606; &#1608;&#1593;&#1604;&#1605;&#1575;&#1586; &#1603;&#1575;&#1585;&#1604;&#1608;&#1587; &#1610;&#1593;&#1602;&#1608;&#1576; &#1604;&#1575;&#1610;&#1604;.</subfield></datafield><datafield ind1="3" ind2="0" tag="880"><subfield code="6">246-03/</subfield><subfield code="a">&#1605;&#1601;&#1590;&#1604;&#1610;&#1575;&#1578;</subfield></datafield><datafield ind1=" " ind2=" " tag="880"><subfield code="6">260-04/</subfield><subfield code="a">&#1576;&#1610;&#1585;&#1608;&#1578; :</subfield><subfield code="b">&#1605;&#1591;&#1576;&#1593;&#1577; &#1575;&#1604;&#1570;&#1576;&#1575;&#1569; &#1575;&#1604;&#1610;&#1587;&#1608;&#1593;&#1610;&#1610;&#1606;&#1548;</subfield><subfield code="c">&#1633;&#1641;&#1634;&#1632;.</subfield></datafield><datafield ind1="1" ind2=" " tag="880"><subfield code="6">700-04/</subfield><subfield code="a">&#1575;&#1576;&#1606; &#1575;&#1604;&#1571;&#1606;&#1576;&#1575;&#1585;&#1610;&#1548; &#1605;&#1581;&#1605;&#1583; &#1576;&#1606; &#1575;&#1604;&#1602;&#1575;&#1587;&#1605;&#1548;</subfield><subfield code="d">885-940?</subfield></datafield><datafield ind1=" " ind2=" " tag="959"><subfield code="a">NNU</subfield><subfield code="b">WEB</subfield><subfield code="c">GENI</subfield><subfield code="t">0</subfield><subfield code="m">Electronic access</subfield><subfield code="s">01</subfield></datafield><datafield ind1=" " ind2=" " tag="999"><subfield code="i">NNU_001374300</subfield><subfield code="s">nyu_aco000090</subfield></datafield></record>